%% This BibTeX bibliography file was created using BibDesk.
%% http://bibdesk.sourceforge.net/

%% Created for Edward Brown at 2021-01-19 13:09:25 -0500 


%% Saved with string encoding Unicode (UTF-8) 



@article{Harre2021Digital-color-c,
	adsnote = {Provided by the SAO/NASA Astrophysics Data System},
	adsurl = {https://ui.adsabs.harvard.edu/abs/2021arXiv210106254H},
	archiveprefix = {arXiv},
	author = {{Harre}, Jan-Vincent and {Heller}, Ren{\'e}},
	date-added = {2021-01-19 13:06:47 -0500},
	date-modified = {2021-01-19 13:06:49 -0500},
	eid = {arXiv:2101.06254},
	eprint = {2101.06254},
	journal = {arXiv e-prints},
	keywords = {Astrophysics - Solar and Stellar Astrophysics},
	month = jan,
	pages = {arXiv:2101.06254},
	primaryclass = {astro-ph.SR},
	title = {{Digital color codes of stars}},
	year = 2021}

@article{Abbott2017Multi-messenger,
	author = {B. P. Abbott and others},
	date-added = {2020-06-26 09:30:01 -0400},
	date-modified = {2020-06-26 09:37:01 -0400},
	doi = {10.3847/2041-8213/aa91c9},
	journal = {The Astrophysical Journal},
	month = {oct},
	number = {2},
	pages = {L12},
	publisher = {American Astronomical Society},
	title = {Multi-messenger Observations of a Binary Neutron Star Merger},
	volume = {848},
	year = 2017,
	Bdsk-Url-1 = {https://doi.org/10.3847%2F2041-8213%2Faa91c9},
	Bdsk-Url-2 = {https://doi.org/10.3847/2041-8213/aa91c9}}

@article{Abbott2016Observation-of-,
	author = {Abbott, B. P. and others},
	collaboration = {LIGO Scientific Collaboration and Virgo Collaboration},
	date-added = {2020-06-26 09:04:56 -0400},
	date-modified = {2020-06-26 09:37:48 -0400},
	doi = {10.1103/PhysRevLett.116.061102},
	issue = {6},
	journal = {Phys. Rev. Lett.},
	month = {Feb},
	numpages = {16},
	pages = {061102},
	publisher = {American Physical Society},
	title = {Observation of Gravitational Waves from a Binary Black Hole Merger},
	volume = {116},
	year = {2016},
	Bdsk-Url-1 = {https://link.aps.org/doi/10.1103/PhysRevLett.116.061102},
	Bdsk-Url-2 = {https://doi.org/10.1103/PhysRevLett.116.061102}}

@article{Taylor1982A-new-test-of-g,
	adsnote = {Provided by the SAO/NASA Astrophysics Data System},
	adsurl = {https://ui.adsabs.harvard.edu/abs/1982ApJ...253..908T},
	author = {{Taylor}, J.~H. and {Weisberg}, J.~M.},
	date-added = {2020-06-26 08:56:05 -0400},
	date-modified = {2020-06-26 08:56:07 -0400},
	doi = {10.1086/159690},
	journal = {\apj},
	keywords = {Binary Stars, Gravitational Waves, Orbit Calculation, Pulsars, Pulsed Radiation, Relativity, Black Holes (Astronomy), Error Analysis, Least Squares Method, Neutron Stars, Orbit Decay, Stellar Mass, Stellar Models, Stellar Motions, Stellar Radiation, Physics (General)},
	month = feb,
	pages = {908-920},
	title = {{A new test of general relativity - Gravitational radiation and the binary pulsar PSR 1913+16}},
	volume = {253},
	year = 1982,
	Bdsk-Url-1 = {https://doi.org/10.1086/159690}}

@article{Hulse1975Discovery-of-a-,
	adsnote = {Provided by the SAO/NASA Astrophysics Data System},
	adsurl = {https://ui.adsabs.harvard.edu/abs/1975ApJ...195L..51H},
	author = {{Hulse}, R.~A. and {Taylor}, J.~H.},
	date-added = {2020-06-26 08:50:00 -0400},
	date-modified = {2020-06-26 08:50:02 -0400},
	doi = {10.1086/181708},
	journal = {\apjl},
	keywords = {Binary Stars, Orbital Elements, Pulsars, Relativistic Effects, Black Holes (Astronomy), Companion Stars, Eccentric Orbits, Mass Ratios, Neutron Stars, Radial Velocity, Velocity Distribution, Astronomy},
	month = jan,
	pages = {L51-L53},
	title = {{Discovery of a pulsar in a binary system.}},
	volume = {195},
	year = 1975,
	Bdsk-Url-1 = {https://doi.org/10.1086/181708}}

@article{Abbott2017GW170817:-Obser,
	adsnote = {Provided by the SAO/NASA Astrophysics Data System},
	adsurl = {https://ui.adsabs.harvard.edu/abs/2017PhRvL.119p1101A},
	archiveprefix = {arXiv},
	author = {{Abbott}, B.~P. and others},
	collaboration = {LIGO Scientific Collaboration and Virgo Collaboration},
	date-added = {2020-06-25 14:51:59 -0400},
	date-modified = {2020-06-26 09:08:33 -0400},
	doi = {10.1103/PhysRevLett.119.161101},
	eid = {161101},
	eprint = {1710.05832},
	journal = {\prl},
	keywords = {General Relativity and Quantum Cosmology, Astrophysics - High Energy Astrophysical Phenomena},
	month = oct,
	number = {16},
	pages = {161101},
	primaryclass = {gr-qc},
	title = {{GW170817: Observation of Gravitational Waves from a Binary Neutron Star Inspiral}},
	volume = {119},
	year = 2017,
	Bdsk-Url-1 = {https://doi.org/10.1103/PhysRevLett.119.161101}}

@article{Cromartie2020Relativistic-Sh,
	adsnote = {Provided by the SAO/NASA Astrophysics Data System},
	adsurl = {https://ui.adsabs.harvard.edu/abs/2020NatAs...4...72C},
	archiveprefix = {arXiv},
	author = {{Cromartie}, H.~T. and {Fonseca}, E. and {Ransom}, S.~M. and others},
	date-added = {2020-06-25 13:22:23 -0400},
	date-modified = {2020-06-25 14:56:48 -0400},
	doi = {10.1038/s41550-019-0880-2},
	eprint = {1904.06759},
	journal = {Nature Astronomy},
	keywords = {Astrophysics - High Energy Astrophysical Phenomena},
	month = jan,
	pages = {72-76},
	primaryclass = {astro-ph.HE},
	title = {{Relativistic Shapiro delay measurements of an extremely massive millisecond pulsar}},
	volume = {4},
	year = 2020,
	Bdsk-Url-1 = {https://doi.org/10.1038/s41550-019-0880-2}}

@article{Arnett1989Supernova-1987A,
	author = {Arnett, W. David and Bahcall, John N. and Kirshner, Robert P. and Woosley, Stanford E.},
	date-added = {2020-06-25 13:02:43 -0400},
	date-modified = {2020-06-25 13:02:46 -0400},
	doi = {10.1146/annurev.aa.27.090189.003213},
	eprint = {https://doi.org/10.1146/annurev.aa.27.090189.003213},
	journal = {Annual Review of Astronomy and Astrophysics},
	number = {1},
	pages = {629-700},
	title = {Supernova 1987A},
	url = {https://doi.org/10.1146/annurev.aa.27.090189.003213},
	volume = {27},
	year = {1989},
	Bdsk-File-1 = {YnBsaXN0MDDSAQIDBFxyZWxhdGl2ZVBhdGhZYWxpYXNEYXRhXxA+Li4vLi4vLi4vLi4vRHJvcGJveC9QYXBlcnMvYXJ0aWNsZXMvQXJuZXR0L1N1cGVybm92YSAxOTg3QS5wZGZPEQGEAAAAAAGEAAIAAAxNYWNpbnRvc2ggSEQAAAAAAAAAAAAAAAAAAAAAAAAAQkQAAf////8TU3VwZXJub3ZhIDE5ODdBLnBkZgAAAAAAAAAAAAAAAAAAAAAAAAAAAAAAAAAAAAAAAAAAAAAAAAAAAAAAAAAA/////wAAAAAAAAAAAAAAAAAEAAUAAAogY3UAAAAAAAAAAAAAAAAABkFybmV0dAACAEEvOlVzZXJzOmVkd2FyZDpEcm9wYm94OlBhcGVyczphcnRpY2xlczpBcm5ldHQ6U3VwZXJub3ZhIDE5ODdBLnBkZgAADgAoABMAUwB1AHAAZQByAG4AbwB2AGEAIAAxADkAOAA3AEEALgBwAGQAZgAPABoADABNAGEAYwBpAG4AdABvAHMAaAAgAEgARAASAD9Vc2Vycy9lZHdhcmQvRHJvcGJveC9QYXBlcnMvYXJ0aWNsZXMvQXJuZXR0L1N1cGVybm92YSAxOTg3QS5wZGYAABMAAS8AABUAAgAN//8AAAAIAA0AGgAkAGUAAAAAAAACAQAAAAAAAAAFAAAAAAAAAAAAAAAAAAAB7Q==},
	Bdsk-Url-1 = {https://doi.org/10.1146/annurev.aa.27.090189.003213}}

@article{Bohlin2004Hubble-Space-Te,
	adsnote = {Provided by the SAO/NASA Astrophysics Data System},
	adsurl = {https://ui.adsabs.harvard.edu/abs/2004AJ....127.3508B},
	author = {{Bohlin}, R.~C. and {Gilliland}, R.~L.},
	date-added = {2020-06-23 21:46:57 -0400},
	date-modified = {2020-06-23 21:47:04 -0400},
	doi = {10.1086/420715},
	journal = {\aj},
	keywords = {Stars: Fundamental Parameters, Stars: Individual: Name: Vega, Techniques: Spectroscopic},
	month = jun,
	number = {6},
	pages = {3508-3515},
	title = {{Hubble Space Telescope Absolute Spectrophotometry of Vega from the Far-Ultraviolet to the Infrared}},
	volume = {127},
	year = 2004,
	Bdsk-Url-1 = {https://doi.org/10.1086/420715}}

@article{Perryman1997The-Hipparcos-C,
	adsnote = {Provided by the SAO/NASA Astrophysics Data System},
	adsurl = {https://ui.adsabs.harvard.edu/abs/1997A&A...323L..49P},
	author = {{Perryman}, M.~A.~C. and others},
	date-added = {2020-05-27 03:49:25 -0400},
	date-modified = {2020-05-27 04:33:55 -0400},
	journal = {\aap},
	month = jul,
	pages = {501-504},
	title = {{The Hipparcos Catalogue.}},
	volume = {500},
	year = 1997}

@article{Luzum2011The-IAU-2009-sy,
	adsnote = {Provided by the SAO/NASA Astrophysics Data System},
	adsurl = {https://ui.adsabs.harvard.edu/abs/2011CeMDA.110..293L},
	author = {{Luzum}, Brian and others},
	date-added = {2020-05-21 12:17:06 -0400},
	date-modified = {2020-05-21 12:23:30 -0400},
	doi = {10.1007/s10569-011-9352-4},
	journal = {Celestial Mechanics and Dynamical Astronomy},
	keywords = {Numerical standards, Fundamental Astronomy, Fundamental constants},
	month = aug,
	number = {4},
	pages = {293-304},
	title = {{The IAU 2009 system of astronomical constants}},
	volume = {110},
	year = 2011,
	Bdsk-Url-1 = {https://doi.org/10.1007/s10569-011-9352-4}}

@article{Kopp2011A-new-lower-val,
	adsnote = {Provided by the SAO/NASA Astrophysics Data System},
	adsurl = {https://ui.adsabs.harvard.edu/abs/2011GeoRL..38.1706K},
	author = {{Kopp}, Greg and {Lean}, Judith L.},
	date-added = {2020-05-21 12:10:03 -0400},
	date-modified = {2020-05-21 12:10:04 -0400},
	doi = {10.1029/2010GL045777},
	eid = {L01706},
	journal = {\grl},
	keywords = {Solar Physics, Astrophysics, and Astronomy: Solar irradiance, Global Change: Solar variability (7537), Global Change: Climate variability (1635, 3305, 3309, 4215, 4513), Global Change: Global climate models (3337, 4928)},
	month = jan,
	number = {1},
	pages = {L01706},
	title = {{A new, lower value of total solar irradiance: Evidence and climate significance}},
	volume = {38},
	year = 2011,
	Bdsk-Url-1 = {https://doi.org/10.1029/2010GL045777}}

@article{VandenBerg2018Constraints-on-,
	adsnote = {Provided by the SAO/NASA Astrophysics Data System},
	adsurl = {https://ui.adsabs.harvard.edu/abs/2018ApJ...862...72V},
	archiveprefix = {arXiv},
	author = {{VandenBerg}, Don A. and {Denissenkov}, P.~A.},
	date-added = {2020-05-21 09:24:31 -0400},
	date-modified = {2020-05-21 09:24:33 -0400},
	doi = {10.3847/1538-4357/aaca9b},
	eid = {72},
	eprint = {1806.02916},
	journal = {\apj},
	keywords = {binaries: eclipsing, globular clusters: general, globular clusters: individual: M55 \&amp; NGC 6809, NGC 6362, stars: evolution, stars: variables: RR Lyrae, Astrophysics - Solar and Stellar Astrophysics},
	month = jul,
	number = {1},
	pages = {72},
	primaryclass = {astro-ph.SR},
	title = {{Constraints on the Distance Moduli, Helium and Metal Abundances, and Ages of Globular Clusters from their RR Lyrae and Non-variable Horizontal-branch Stars. III. M55 and NGC 6362}},
	volume = {862},
	year = 2018,
	Bdsk-Url-1 = {https://doi.org/10.3847/1538-4357/aaca9b}}

@booklet{Tuli2011Nuclear-Wallet-,
	address = {National Nuclear Data Center, Brookhaven National Laboratory},
	author = {Tuli, Jagdish K.},
	date-added = {2020-05-16 15:09:01 -0400},
	date-modified = {2020-05-16 15:10:24 -0400},
	title = {Nuclear Wallet Cards},
	year = {2011}}

@article{Hewish1968Observation-of-,
	adsnote = {Provided by the SAO/NASA Astrophysics Data System},
	adsurl = {https://ui.adsabs.harvard.edu/abs/1968Natur.217..709H},
	author = {{Hewish}, A. and {Bell}, S.~J. and {Pilkington}, J.~D.~H. and {Scott}, P.~F. and {Collins}, R.~A.},
	date-added = {2020-05-13 20:43:07 -0400},
	date-modified = {2020-05-13 20:43:09 -0400},
	doi = {10.1038/217709a0},
	journal = {\nat},
	month = feb,
	number = {5130},
	pages = {709-713},
	title = {{Observation of a Rapidly Pulsating Radio Source}},
	volume = {217},
	year = 1968,
	Bdsk-Url-1 = {https://doi.org/10.1038/217709a0}}

@article{Maury1897Spectra-of-brig,
	adsnote = {Provided by the SAO/NASA Astrophysics Data System},
	adsurl = {https://ui.adsabs.harvard.edu/abs/1897AnHar..28....1M},
	author = {{Maury}, Antonia C. and {Pickering}, Edward C.},
	date-added = {2020-05-12 11:00:34 -0400},
	date-modified = {2020-05-12 11:00:35 -0400},
	journal = {Annals of Harvard College Observatory},
	keywords = {STARS: SPECTRA, STARS: CATALOGS, STARS: CLASSIFICATION},
	month = jan,
	pages = {1-128},
	title = {{Spectra of bright stars photographed with the 11-inch Draper Telescope as part of the Henry Draper Memorial.}},
	volume = {28},
	year = 1897}

@article{Hertzsprung1909Uber-die-Sterne,
	adsnote = {Provided by the SAO/NASA Astrophysics Data System},
	adsurl = {https://ui.adsabs.harvard.edu/abs/1909AN....179..373H},
	author = {{Hertzsprung}, Ejnar},
	date-added = {2020-05-12 10:59:07 -0400},
	date-modified = {2020-05-12 10:59:08 -0400},
	doi = {10.1002/asna.19081792402},
	journal = {Astronomische Nachrichten},
	month = jan,
	number = {24},
	pages = {373},
	title = {{{\"U}ber die Sterne der Unterabteilungen c und ac nach der Spektralklassifikation von Antonia C. Maury}},
	volume = {179},
	year = 1909,
	Bdsk-Url-1 = {https://doi.org/10.1002/asna.19081792402}}

@article{Russell1914Relations-Betwe,
	adsnote = {Provided by the SAO/NASA Astrophysics Data System},
	adsurl = {https://ui.adsabs.harvard.edu/abs/1914PA.....22..275R},
	author = {{Russell}, Henry Norris},
	date-added = {2020-05-12 10:53:26 -0400},
	date-modified = {2020-05-12 10:53:33 -0400},
	journal = {Popular Astronomy},
	month = may,
	pages = {275-294},
	title = {{Relations Between the Spectra and Other Characteristics of the Stars}},
	volume = {22},
	year = 1914}

@book{Brent1973Algorithms-for-,
	author = {Brent, Richard P.},
	date-added = {2020-04-16 21:40:12 -0400},
	date-modified = {2020-04-16 21:40:37 -0400},
	publisher = {Prentice-Hall},
	title = {Algorithms for Minimization without Derivatives},
	year = {1973}}

@book{Metcalf2018Modern-Fortran-,
	author = {Metcalf, Michael and Reid, John and Cohen, Malcolm},
	date-added = {2020-04-16 07:49:25 -0400},
	date-modified = {2020-04-16 07:57:21 -0400},
	publisher = {Oxford University Press},
	series = {Numerical Mathematics and Scientific Computation},
	title = {Modern Fortran Explained},
	year = {2018}}

@book{Press2007Numerical-Recip,
	author = {Press, William H. and Teukolsky, Saul A. and Vetterling, William T. and Flannery, Brian P.},
	date-added = {2020-04-16 07:49:09 -0400},
	date-modified = {2020-04-16 07:49:09 -0400},
	edition = {third},
	publisher = {Cambridge University Press},
	title = {Numerical Recipes},
	year = {2007}}

@book{Weinberg2015To-Explain-the-,
	address = {New York},
	author = {Steven Weinberg},
	date-added = {2020-04-10 11:17:37 -0400},
	date-modified = {2020-04-10 11:21:12 -0400},
	publisher = {HarperCollins},
	title = {To Explain the World},
	year = {2015}}

@article{Weaver1978Presupernova-ev,
	adsnote = {Provided by the SAO/NASA Astrophysics Data System},
	adsurl = {https://ui.adsabs.harvard.edu/abs/1978ApJ...225.1021W},
	author = {{Weaver}, T.~A. and {Zimmerman}, G.~B. and {Woosley}, S.~E.},
	date-added = {2019-05-07 13:53:48 -0400},
	date-modified = {2019-05-07 13:53:50 -0400},
	doi = {10.1086/156569},
	journal = {\apj},
	keywords = {Astronomical Models, Nuclear Fusion, Stellar Evolution, Stellar Mass, Stellar Structure, Supernovae, Abundance, Giant Stars, Gravitational Collapse, Hydrostatics, Silicon, Astrophysics, Collapse:Stellar Evolution, Evolution:Massive Stars, Nucleosynthesis:Stellar Evolution, Supernovae: Explosions},
	month = {Nov},
	pages = {1021-1029},
	title = {{Presupernova evolution of massive stars.}},
	volume = {225},
	year = {1978},
	Bdsk-Url-1 = {https://doi.org/10.1086/156569}}

@article{Cushing2011The-Discovery-o,
	adsnote = {Provided by the SAO/NASA Astrophysics Data System},
	adsurl = {https://ui.adsabs.harvard.edu/#abs/2011ApJ...743...50C},
	archiveprefix = {arXiv},
	author = {{Cushing}, Michael C. and {Kirkpatrick}, J. Davy and {Gelino}, Christopher R. and others},
	date-added = {2018-10-24 16:26:18 -0400},
	date-modified = {2018-10-24 16:36:56 -0400},
	doi = {10.1088/0004-637X/743/1/50},
	eid = {50},
	eprint = {1108.4678},
	journal = {\apj},
	keywords = {brown dwarfs, infrared: stars, stars: individual: UGPS J072227.51─054031.2 WISEPC J014807.25─720258.8 WISEP J041022.71+150248.5 WISEPC J140518.40+553421.5 WISEP J154151.65-225025.2 WISEP J173835.52+273258.9 WISEP J182831.08+265037.8 WISEPC J205628.90+145953.3, stars: low-mass, Astrophysics - Solar and Stellar Astrophysics},
	month = Dec,
	pages = {50},
	primaryclass = {astro-ph.SR},
	title = {{The Discovery of Y Dwarfs using Data from the Wide-field Infrared Survey Explorer (WISE)}},
	volume = {743},
	year = 2011,
	Bdsk-Url-1 = {https://doi.org/10.1088/0004-637X/743/1/50}}

@article{Adams2017The-search-for-,
	adsnote = {Provided by the SAO/NASA Astrophysics Data System},
	adsurl = {https://ui.adsabs.harvard.edu/#abs/2017MNRAS.468.4968A},
	author = {{Adams}, S.~M. and {Kochanek}, C.~S. and {Gerke}, J.~R. and {Stanek}, K.~Z. and {Dai}, X.},
	date-added = {2018-07-23 10:40:08 +0000},
	date-modified = {2018-07-23 10:40:11 +0000},
	doi = {10.1093/mnras/stx816},
	journal = {\mnras},
	keywords = {black hole physics, stars: massive, supernovae: individual: N6946-BH1, Astrophysics - Solar and Stellar Astrophysics, Astrophysics - Astrophysics of Galaxies, Astrophysics - High Energy Astrophysical Phenomena},
	month = Jul,
	pages = {4968-4981},
	title = {{The search for failed supernovae with the Large Binocular Telescope: confirmation of a disappearing star}},
	volume = {468},
	year = 2017,
	Bdsk-Url-1 = {https://doi.org/10.1093/mnras/stx816}}

@article{Woosley2002The-evolution-a,
	adsnote = {Provided by the SAO/NASA Astrophysics Data System},
	adsurl = {https://ui.adsabs.harvard.edu/#abs/2002RvMP...74.1015W},
	author = {{Woosley}, S.~E. and {Heger}, A. and {Weaver}, T.~A.},
	date-added = {2018-07-15 14:03:23 +0000},
	date-modified = {2018-07-15 14:03:48 +0000},
	doi = {10.1103/RevModPhys.74.1015},
	journal = {Reviews of Modern Physics},
	keywords = {26.30.+k, 97.60.Bw, 26.20.+f, 95.30.Cq, 97.10.Cv, 97.60.Jd, 95.30.Sf, Nucleosynthesis in novae supernovae and other explosive environments, Supernovae, Hydrostatic stellar nucleosynthesis, Elementary particle processes, Stellar structure interiors evolution nucleosynthesis ages, Neutron stars, Relativity and gravitation},
	month = Nov,
	pages = {1015-1071},
	title = {{The evolution and explosion of massive stars}},
	volume = {74},
	year = 2002,
	Bdsk-Url-1 = {https://doi.org/10.1103/RevModPhys.74.1015}}

@article{Kirkpatrick1999Dwarfs-Cooler-t,
	author = {{Kirkpatrick}, J.~D. and {Reid}, I.~N. and {Liebert}, J. and others},
	date-added = {2018-06-04 12:16:25 +0000},
	date-modified = {2018-10-24 16:37:44 -0400},
	journal = {\apj},
	month = jul,
	pages = {802-833},
	title = {{Dwarfs Cooler than ``M'': The Definition of Spectral Type ``L'' Using Discoveries from the 2 Micron All-Sky Survey (2MASS)}},
	volume = {519},
	year = {1999}}

@book{Feynman1989The-Feynman-Lec,
	author = {Feynman, Richard P. and Leighton, Robert B. and Sands, Matthew},
	publisher = {Addison-Wesley},
	title = {The Feynman Lectures on Physics},
	volume = {3},
	year = {1989}}

@phdthesis{Payne1925Stellar-Atmosph,
	adsnote = {Provided by the SAO/NASA Astrophysics Data System},
	adsurl = {http://adsabs.harvard.edu/abs/1925PhDT.........1P},
	author = {{Payne}, C.~H.},
	date-added = {2016-09-14 16:19:06 +0000},
	date-modified = {2016-09-14 16:19:09 +0000},
	school = {RADCLIFFE COLLEGE.},
	title = {{Stellar Atmospheres; a Contribution to the Observational Study of High Temperature in the Reversing Layers of Stars.}},
	year = 1925}

@article{Jacoby1984A-library-of-st,
	adsnote = {Provided by the SAO/NASA Astrophysics Data System},
	adsurl = {http://cdsads.u-strasbg.fr/abs/1984ApJS...56..257J},
	author = {{Jacoby}, G.~H. and {Hunter}, D.~A. and {Christian}, C.~A.},
	date-added = {2016-09-14 15:32:37 +0000},
	date-modified = {2016-09-14 15:32:40 +0000},
	doi = {10.1086/190983},
	journal = {\apjs},
	keywords = {Astronomical Catalogs, Stellar Spectra, Stellar Spectrophotometry, Color, Interstellar Extinction, Star Clusters},
	month = oct,
	pages = {257-281},
	title = {{A library of stellar spectra}},
	volume = 56,
	year = 1984,
	Bdsk-Url-1 = {http://dx.doi.org/10.1086/190983}}

@book{Bennett2013The-Cosmic-Pers,
	author = {Bennett, Jeffrey O. and Donahue, Megan O. and Schneider, Nicholas and Voit, Mark},
	date-added = {2016-09-12 15:13:50 +0000},
	date-modified = {2016-09-12 15:13:50 +0000},
	edition = {7th},
	publisher = {Addison-Wesley},
	title = {The Cosmic Perspective},
	year = {2013}}

@book{LeBlanc2010An-Introduction,
	address = {West Sussex, UK},
	author = {LeBlanc, Francis},
	date-added = {2016-09-12 15:13:50 +0000},
	date-modified = {2016-09-12 15:13:50 +0000},
	publisher = {John Wiley \& Sons, Ltd},
	title = {An Introduction to Stellar Astrophysics},
	year = {2010}}

@book{Prialnik2009An-Introduction,
	author = {Prialnik, Dina},
	date-added = {2016-09-12 15:13:50 +0000},
	date-modified = {2016-09-12 15:13:50 +0000},
	edition = {2d},
	publisher = {Cambridge University Press},
	title = {An Introduction to the Theory of Stellar Structure and Evolution},
	year = {2009}}

@book{Carroll2006An-Introduction,
	author = {Carroll, Bradley W. and Ostlie, Dale A.},
	date-added = {2016-09-12 15:13:50 +0000},
	date-modified = {2016-09-12 15:13:50 +0000},
	edition = {2d},
	publisher = {Addison-Wesley},
	title = {An Introduction to Modern Astrophysics},
	year = {2006}}

@book{Phillips1999The-Physics-of-,
	address = {West Sussex, UK},
	author = {Phillips, A. C.},
	date-added = {2016-09-12 15:13:50 +0000},
	date-modified = {2016-09-12 15:13:50 +0000},
	edition = {2d},
	publisher = {John Wiley \& Sons, Ltd},
	title = {The Physics of Stars},
	year = {1999}}

@book{Zeldovich1971Stars-and-Relat,
	author = {Zel'dovich, Ya. B. and Novikov, I. D.},
	date-added = {2013-05-16 12:10:37 +0000},
	date-modified = {2013-05-16 12:10:37 +0000},
	publisher = {University of Chicago Press},
	series = {Relativistic Astrophysics},
	title = {Stars and Relativity},
	volume = {1},
	year = {1971}}

@article{Paxton2013Modules-for-Exp,
	author = {Paxton, Bill and Cantiello, Matteo and Arras, Phil and Bildsten, Lars and Brown, Edward F. and Dotter, Aaron and Mankovich, Christopher and {Montgomery}, M.~H. and Stello, Dennis and {Timmes}, F. X. and Townsend, Richard},
	date-added = {2013-05-15 14:10:03 +0000},
	date-modified = {2013-09-04 14:30:40 +0000},
	eprint = {1301.0319},
	journal = {\apjs},
	pages = {4},
	title = {Modules for Experiments in Stellar Astrophysics ({MESA}): Planets, Oscillations, Rotation, and Massive Stars},
	volume = {208},
	year = {2013}}

@article{Paxton2010Modules-for-Exp,
	author = {Paxton, Bill and Bildsten, Lars and Dotter, Aaron and Herwig, Falk and Lesaffre, Pierre and Timmes, Frank},
	date-added = {2013-05-15 14:07:11 +0000},
	date-modified = {2013-05-15 14:08:42 +0000},
	eprint = {1009.1622v1},
	journal = {\apjs},
	month = jan,
	pages = {3},
	title = {Modules for Experiments in Stellar Astrophysics ({MESA})},
	volume = {192},
	year = {2011}}

@book{Clayton1983Principles-of-S,
	author = {Clayton, Donald D.},
	date-added = {2013-05-15 13:59:18 +0000},
	date-modified = {2013-05-15 14:00:02 +0000},
	publisher = {University of Chicago Press},
	title = {Principles of Stellar Evolution and Nucleosynthesis},
	year = {1983}}

@book{Shapiro1983Black-Holes-Whi,
	author = {Shapiro, Stuart L. and Teukolsky, Saul A.},
	date-added = {2013-05-15 13:58:23 +0000},
	date-modified = {2013-05-15 13:59:09 +0000},
	publisher = {Wiley},
	title = {Black Holes, White Dwarfs, and Neutron Stars},
	year = {1983}}

@book{Cox1980Theory-of-Stell,
	author = {Cox, J. P.},
	date-added = {2013-05-15 13:55:58 +0000},
	date-modified = {2013-05-15 13:56:19 +0000},
	publisher = {Princeton University Press},
	title = {Theory of Stellar Pulsation},
	year = {1980}}

@book{Kippenhahn1994Stellar-Structu,
	author = {Kippenhahn, R. and Weigert, A.},
	date-added = {2013-05-15 13:54:58 +0000},
	date-modified = {2013-05-15 13:55:39 +0000},
	publisher = {Springer-Verlag},
	title = {Stellar Structure and Evolution},
	year = {1994}}

@book{Binney1998Galactic-Astron,
	author = {Binney, James and Merrifield, Michael},
	date-added = {2013-05-15 13:50:19 +0000},
	date-modified = {2013-05-15 13:50:53 +0000},
	publisher = {Princeton University Press},
	title = {Galactic Astronomy},
	year = {1998}}

@book{Hansen2004Stellar-Interio,
	author = {Hansen, Carl J. and Kawaler, Steven D. and Trimble, Virginia},
	date-added = {2013-05-15 13:44:13 +0000},
	date-modified = {2013-05-15 13:45:11 +0000},
	edition = {2d},
	publisher = {Springer-Verlag},
	title = {Stellar Interiors},
	year = {2004}}

@book{Mihalas1978Stellar-Atmosph,
	author = {Mihalas, D.},
	date-added = {2013-05-15 13:42:08 +0000},
	date-modified = {2013-05-15 13:42:08 +0000},
	edition = {2d},
	publisher = {W. H. Freeman},
	title = {Stellar Atmospheres},
	year = {1978}}

@book{Fermi1956Thermodynamics,
	author = {Enrico Fermi},
	date-added = {2014-11-11 15:10:30 +0000},
	date-modified = {2014-11-11 15:11:35 +0000},
	publisher = {Dover},
	title = {Thermodynamics},
	year = {1956}}
